@article{sample2025,
  author = {John Doe},
  title = {An Example Article},
  journal = {Journal of Examples},
  year = {2025},
  volume = {42},
  pages = {1--10},
  doi = {10.1234/example}
}
